<?xml version="1.0" encoding="UTF-8"?><collection xmlns="http://www.loc.gov/MARC21/slim"><record><leader>00455nam--2200169-i-4500</leader><controlfield tag="001">000001711</controlfield><controlfield tag="002">20161230</controlfield><controlfield tag="005">20170102223938</controlfield><controlfield tag="008">060222s1000------------r-----000-0-eng-d</controlfield><datafield ind1=" " ind2=" " tag="100"><subfield code="a">Goldstein, J. H</subfield></datafield><datafield ind1=" " ind2=" " tag="245"><subfield code="a">13ch satellite nmr spectra</subfield></datafield><datafield ind1=" " ind2=" " tag="260"><subfield code="a">Oxford</subfield><subfield code="b">Pergamon Press</subfield><subfield code="c">1971</subfield></datafield><datafield ind1=" " ind2=" " tag="300"><subfield code="a">103-162 p</subfield></datafield><datafield ind1=" " ind2=" " tag="490"><subfield code="a">Progress In Nuclear Magnetic Resonance Spectroscopy</subfield></datafield><datafield ind1=" " ind2=" " tag="700"><subfield code="a">Sutcliffe, L. H</subfield></datafield><datafield ind1=" " ind2=" " tag="852"><subfield code="a">27030</subfield></datafield><datafield ind1=" " ind2=" " tag="CAT"><subfield code="a">SYS</subfield><subfield code="c">20170102</subfield><subfield code="h">223938</subfield></datafield></record></collection>